@techreport {PtolemyVol1:04,
   author = {Brooks, C. and Lee, E. A. and Liu, X. and Neuendorffer, S. and Zhao, Y. and Zheng, H.},
   title = {Heterogeneous Concurrent Modeling and Design in Java},
   institution = {University of California},
   number = {Technical Memorandum UCB/ERL M04/27},
   month= {7},
   url ={http://ptolemy.eecs.berkeley.edu/publications/papers/04/ptIIDesignIntro/},
   year = {2004}
}

@book {StrunkJr2000TheElementsOf,
    author = {Strunk Jr., William and White, E. B. and Angell, Roger},
    publisher = {Longman Publishing Group},
    title = {The Elements of Style},
    year = {2000},
}

@misc {Rees2017BiblatexCheatSheet,
   title = {Biblatex Cheat Sheet},
   url = {http://tug.ctan.org/info/biblatex-cheatsheet/biblatex-cheatsheet.pdf},
   author = {Clea F. Rees},
   year = {2017},
}

@misc {Lambert2021MakefileTutorial,
   author = {Chase Lambert},
   url = {https://makefiletutorial.com/},
   year = {2021},
   title = {Makefile Tutorial},
}

@misc {Overleaf2021LearnLaTeXIn,
   url = {https://www.overleaf.com/learn/latex/Learn_LaTeX_in_30_minutes},
   year = {2021},
   title = {Learn LaTeX in 30 minutes},
   author = {Overleaf},
}

@article {

}
